@article{umfpack2004,
  author    = {T. A. Davis},
  title     = {Algorithm 832: {UMFPACK}},
  journal   = {ACM Trans. Mathematical Software},
  volume    = {30},
  number    = {2},
  pages     = {196--199},
  year      = {2004}
}

@article{mazancourt1983,
  author    = {T. De Mazancourt and others},
  title     = {The Inverse of a Block-Circulant Matrix},
  journal   = {IEEE Trans. Anten. Prop.},
  volume    = {31},
  number    = {5},
  pages     = {808--810},
  year      = {1983}
}

@article{chang2006,
  author    = {S.-C. Chang and others},
  title     = {Electrical Characteristics and Reliability Properties of {MOSFET} with {Dy2O3} Gate Dielectric},
  journal   = {Applied Physics Letters},
  volume    = {89},
  number    = {5},
  year      = {2006}
}
