@book{kreith2000,
  author    = {F. Kreith},
  title     = {CRC Handbook of Thermal Engineering},
  publisher = {CRC Press},
  year      = {2000}
}

@inproceedings{huang2003,
  author    = {K. Skadron and others},
  title     = {Temperature-Aware Microarchitecture},
  booktitle = {ISCA},
  pages     = {2--13},
  year      = {2003}
}

@inproceedings{srinivasan2004,
  author    = {J. Srinivasan and others},
  title     = {The Impact of Technology Scaling on Lifetime Reliability},
  booktitle = {DSN},
  pages     = {177--186},
  year      = {2004}
}

@article{liao2005,
  author    = {W. Liao and others},
  title     = {Temp. and Supply Voltage Aware Performance and Power Modeling at Mictoarchitecture Level},
  journal   = {IEEE Trans. CAD},
  volume    = {24},
  number    = {7},
  pages     = {1042--1053},
  year      = {2005}
}

@article{coskun2006,
  author    = {A. K. Coskun and others},
  title     = {Analysis and Optimization of {MPSoC} Reliability},
  journal   = {J. of Low Power Electronics},
  volume    = {2},
  number    = {1},
  pages     = {56--69},
  year      = {2006}
}

@inproceedings{liu2007,
  author    = {Y. Liu and others},
  title     = {Accurate Temperature-Dependent {IC} Leakage Power Estimation is Easy},
  booktitle = {DATE'07},
  year      = {2007}
}

@inproceedings{huang2009,
  author    = {L. Huang and others},
  title     = {Lifetime Reliablity-Aware Task Allocation and Scheduling for {MPSoCs}},
  booktitle = {DATE'09},
  year      = {2009}
}

@inproceedings{xiang2010,
  author    = {Y. Xiang and others},
  title     = {System-Level Reliability Modeling for {MPSoCs}},
  booktitle = {CODES+ISSS'10},
  year      = {2010}
}

@inproceedings{thiele2011,
  author    = {L. Thiele and others},
  title     = {Thermal-Aware Sys. Analysis and Software Synthesis for Embedded Multi-Processors},
  booktitle = {DAC'11},
  year      = {2011}
}

@inproceedings{rai2011,
  author    = {D. Rai and others},
  title     = {Worst-Case Temperature Analysis for Real-Time Systems},
  booktitle = {DATE'11},
  year      = {2011}
}

@inproceedings{bao2010,
  author    = {M. Bao and others},
  title     = {Temp.-Aware Idle Time Distribution for Energy Optim. with Dynamic Voltage Scaling},
  booktitle = {DATE'10},
  year      = {2010}
}

@article{rao2009,
  author    = {R. Rao and others},
  title     = {Fast and Accurate Prediction of the Steady-State Throughput of Multicore Processors Under Thermal Constraints},
  journal   = {IEEE Trans. CAD of ICs and Systems},
  volume    = {28},
  number    = {10},
  pages     = {1559--1572},
  year      = {2009}
}

@book{jedec2010,
  author    = {JEDEC},
  title     = {Failure Mechanisms and Models for Semiconductor Devices},
  publisher = {JEDEC Publication},
  year      = {2010}
}

@book{press2007,
  author    = {W. H. Press and others},
  title     = {Numerical Recipes},
  publisher = {Cambridge University Press},
  edition   = {3rd},
  year      = {2007}
}

@book{stoer2002,
  author    = {J. Stoer and others},
  title     = {Introduction to Numerical Analysis},
  publisher = {Springer-Verlag, New York},
  edition   = {3rd},
  year      = {2002}
}

@book{schmitz2004,
  author    = {M. T. Schmitz and others},
  title     = {Sys.-Level Design Techniques for Energy-Efficient Embed. Sys.},
  publisher = {Kluwer Academ. Pub.},
  year      = {2004}
}

@inproceedings{dick1998,
  author    = {R. P. Dick and others},
  title     = {{TGFF}: Task Graphs for Free},
  booktitle = {CODES/CASHE'98},
  year      = {1998}
}

@article{xie2006,
  author    = {Y. Xie and others},
  title     = {Temperature-Aware Task Allocation and Scheduling for Embedded {MPSoC} Design},
  journal   = {Journal of VLSI Signal Processing},
  volume    = {45},
  number    = {3},
  pages     = {177--189},
  year      = {2006}
}

@online{ffmpeg2011,
  title     = {\url{http://ffmpeg.mplayerhq.hu}}
}

@article{benini2005,
  author    = {L. Benini and others},
  title     = {{MPARM}: Expl. {MPSoC} Design Space with {SystemC}},
  journal   = {J. of VLSI Sig. Proc. Sys.},
  volume    = {41},
  number    = {2},
  pages     = {169--182},
  year      = {2005}
}

@article{deb2002,
  author    = {K. Deb and others},
  title     = {A Fast and Elitist Multiobjective {GA}: {NSGA-II}},
  journal   = {IEEE Trans. Evol. Comp.},
  volume    = {6},
  number    = {2},
  year      = {2002}
}

@online{liu2011,
  title     = {\url{http://www.ida.liu.se/~ivauk83/research/SSDTA}}
}
